<?xml version="1.0" encoding="utf-8"?>
<record xmlns="http://www.loc.gov/MARC21/slim" xmlns:xsi="http://www.w3.org/2001/XMLSchema-instance" xsi:schemaLocation="http://www.loc.gov/MARC21/slim http://www.loc.gov/standards/marcxml/schema/MARC21slim.xsd">
	<leader>     nam a22        4500</leader>
	<controlfield tag="001">2872144</controlfield>
	<controlfield tag="003">NNC</controlfield>
	<controlfield tag="006">m        d        </controlfield>
	<controlfield tag="007">cr cn |||m|||a</controlfield>
	<controlfield tag="008">170829m19321974ua a    o     000 0 arard</controlfield>
	<datafield ind1=" " ind2=" " tag="040">
		<subfield code="a">NNU</subfield>
		<subfield code="b">eng</subfield>
		<subfield code="e">rda</subfield>
		<subfield code="c">NNU</subfield>
	</datafield>
	<datafield ind1=" " ind2="4" tag="050">
		<subfield code="a">BP130.4</subfield>
		<subfield code="b">.J27 1932</subfield>
	</datafield>
	<datafield ind1="1" ind2=" " tag="100">
		<subfield code="6">880-01</subfield>
		<subfield code="a">Jawharī, Ṭanṭāwī,</subfield>
		<subfield code="d">1862-1940.</subfield>
	</datafield>
	<datafield ind1="1" ind2="3" tag="245">
		<subfield code="6">880-02</subfield>
		<subfield code="a">al-Jawāhir fi tafsīr al-Qurʼan al-karīm :</subfield>
		<subfield code="b">al-mushtamil ʻala ʻajaʼib badaʼiʻ al-makūnāt wa-gharaʼib al-ayāt al-bahirāt /</subfield>
		<subfield code="c">taʼlīf Ṭanṭāwī Jawharī.</subfield>
	</datafield>
	<datafield ind1=" " ind2=" " tag="250">
		<subfield code="6">880-03</subfield>
		<subfield code="a">al-Ṭabʻah 2.</subfield>
	</datafield>
	<datafield ind1=" " ind2=" " tag="260">
		<subfield code="6">880-04</subfield>
		<subfield code="a">[al-Qāhirah] :</subfield>
		<subfield code="b">Muṣtafa al-Bābi al-Halabi,</subfield>
		<subfield code="c">1932.</subfield>
	</datafield>
	<datafield ind1=" " ind2=" " tag="300">
		<subfield code="a">online resource (25 volumes in 13) :</subfield>
		<subfield code="b">illustrations</subfield>
	</datafield>
	<datafield ind1=" " ind2=" " tag="336">
		<subfield code="a">text</subfield>
		<subfield code="2">rdacontent</subfield>
	</datafield>
	<datafield ind1=" " ind2=" " tag="337">
		<subfield code="a">computer</subfield>
		<subfield code="2">rdamedia</subfield>
	</datafield>
	<datafield ind1=" " ind2=" " tag="338">
		<subfield code="a">online resource</subfield>
		<subfield code="2">rdacarrier</subfield>
	</datafield>
	<datafield ind1=" " ind2=" " tag="500">
		<subfield code="a">Vol. 25 is bound with v. 1 of the author's Mulḥaq al-Jawāhir.</subfield>
	</datafield>
	<datafield ind1=" " ind2=" " tag="500">
		<subfield code="a">Vol. 2-25, 3rd ed., 1974.</subfield>
	</datafield>
	<datafield ind1=" " ind2=" " tag="500">
		<subfield code="a">Part of the Arabic Collections Online (ACO) project, contributed by Columbia University Libraries.</subfield>
	</datafield>
	<datafield ind1=" " ind2=" " tag="533">
		<subfield code="a">Electronic reproduction.</subfield>
		<subfield code="b">New York, N.Y. :</subfield>
		<subfield code="c">New York University,</subfield>
		<subfield code="d">2017.</subfield>
		<subfield code="5">NNU</subfield>
	</datafield>
	<datafield ind1="0" ind2="0" tag="630">
		<subfield code="a">Qurʼan</subfield>
		<subfield code="v">Commentaries.</subfield>
	</datafield>
	<datafield ind1="0" ind2="0" tag="630">
		<subfield code="a">Qurʼan</subfield>
		<subfield code="x">Hermeneutics.</subfield>
	</datafield>
	<datafield ind1="0" ind2="7" tag="630">
		<subfield code="a">Qurʼan.</subfield>
		<subfield code="2">fast</subfield>
		<subfield code="0">(OCoLC)fst01842877</subfield>
	</datafield>
	<datafield ind1=" " ind2="7" tag="650">
		<subfield code="a">Hermeneutics.</subfield>
		<subfield code="2">fast</subfield>
		<subfield code="0">(OCoLC)fst00955492</subfield>
	</datafield>
	<datafield ind1=" " ind2="7" tag="655">
		<subfield code="a">Commentaries.</subfield>
		<subfield code="2">fast</subfield>
		<subfield code="0">(OCoLC)fst01423723</subfield>
	</datafield>
	<datafield ind1="1" ind2=" " tag="700">
		<subfield code="6">880-05</subfield>
		<subfield code="a">Jawharī, Ṭanṭāwī,</subfield>
		<subfield code="d">1862-1940.</subfield>
		<subfield code="t">Mulḥaq al-Jawahir.</subfield>
	</datafield>
	<datafield ind1="2" ind2=" " tag="710">
		<subfield code="a">Columbia University.</subfield>
		<subfield code="b">Libraries.</subfield>
	</datafield>
	<datafield ind1="0" ind2=" " tag="730">
		<subfield code="a">Arabic Collections Online.</subfield>
	</datafield>
	<datafield ind1="0" ind2="8" tag="776">
		<subfield code="i">Online version:</subfield>
		<subfield code="a">Jawharī, Ṭanṭāwī, 1862-1940.</subfield>
		<subfield code="t">Jawāhir fi tafsīr al-Qurʼan al-karīm.</subfield>
		<subfield code="b">2. al-tabʻah.</subfield>
		<subfield code="d">[Cairo] : Muṣtafa al-Bābi al-Halabi, 1932</subfield>
		<subfield code="w">(OCoLC)775401351</subfield>
	</datafield>
	<datafield ind1="0" ind2="8" tag="776">
		<subfield code="i">Print version:</subfield>
		<subfield code="a">Jawharī, Ṭanṭāwī, 1862-1940.</subfield>
		<subfield code="t">al-Jawāhir fi tafsīr al-Qurʼan al-karīm</subfield>
		<subfield code="w">(NNC)2872144</subfield>
		<subfield code="w">(OCoLC)8429438</subfield>
	</datafield>
	<datafield ind1="4" ind2="0" tag="856">
		<subfield code="u">http://hdl.handle.net/2333.1/tdz08rmt</subfield>
	</datafield>
	<datafield ind1="1" ind2=" " tag="880">
		<subfield code="6">100-01/r</subfield>
		<subfield code="a">جوهري، طنطاوي،</subfield>
		<subfield code="d">1862-1940.</subfield>
	</datafield>
	<datafield ind1="1" ind2="2" tag="880">
		<subfield code="6">245-02/r</subfield>
		<subfield code="a">الجواهر في تفسير القرأن الكريم :</subfield>
		<subfield code="b">المشتمل على عجائب بدائع المكونات وغرائب الآيات الباهرات /</subfield>
		<subfield code="c">تأليف طنطاوي جوهري.</subfield>
	</datafield>
	<datafield ind1=" " ind2=" " tag="880">
		<subfield code="6">250-03/r</subfield>
		<subfield code="a">الطبعة 2.</subfield>
	</datafield>
	<datafield ind1=" " ind2=" " tag="880">
		<subfield code="6">260-04/r</subfield>
		<subfield code="a">[القاهرة] :</subfield>
		<subfield code="b">مصطفى البابي الحلبي،</subfield>
		<subfield code="c">1932.</subfield>
	</datafield>
	<datafield ind1="1" ind2=" " tag="880">
		<subfield code="6">700-05/r</subfield>
		<subfield code="a">جوهري، طنطاوي،</subfield>
		<subfield code="d">1862-1940.</subfield>
		<subfield code="t">ملحق الجوهر.</subfield>
		<subfield code="f">1974.</subfield>
	</datafield>
	<datafield ind1=" " ind2=" " tag="959">
		<subfield code="a">NNU</subfield>
		<subfield code="b">WEB</subfield>
		<subfield code="c">GENI</subfield>
		<subfield code="t">0</subfield>
		<subfield code="m">Electronic access</subfield>
		<subfield code="s">01</subfield>
	</datafield>
	<datafield ind1=" " ind2=" " tag="999">
		<subfield code="i">NNC_2872144</subfield>
		<subfield code="o">(OCoLC)ocm08429438</subfield>
		<subfield code="s">columbia_aco002373:v.1-2</subfield>
		<subfield code="s">columbia_aco002372:v.3-4</subfield>
		<subfield code="s">columbia_aco002371:v.5-6</subfield>
		<subfield code="s">columbia_aco002370:v.7-8</subfield>
		<subfield code="s">columbia_aco002369:v.9-10</subfield>
		<subfield code="s">columbia_aco002368:v.11-12</subfield>
		<subfield code="s">columbia_aco002367:v.13-14</subfield>
		<subfield code="s">columbia_aco002366:v.15-16</subfield>
		<subfield code="s">columbia_aco002365:v. 17-18</subfield>
		<subfield code="s">columbia_aco002364:v.19-20</subfield>
		<subfield code="s">columbia_aco002363:v.21-22</subfield>
		<subfield code="s">columbia_aco002362:v.23-24</subfield>
		<subfield code="s">columbia_aco002361:v.25</subfield>
		<subfield code="e">(ERROR-880)</subfield>
		<subfield code="s">columbia_aco002373:v.1-2</subfield>
		<subfield code="s">columbia_aco002372:v.3-4</subfield>
		<subfield code="s">columbia_aco002371:v.5-6</subfield>
		<subfield code="s">columbia_aco002370:v.7-8</subfield>
		<subfield code="s">columbia_aco002369:v.9-10</subfield>
		<subfield code="s">columbia_aco002368:v.11-12</subfield>
		<subfield code="s">columbia_aco002367:v.13-14</subfield>
		<subfield code="s">columbia_aco002366:v.15-16</subfield>
		<subfield code="s">columbia_aco002365:v. 17-18</subfield>
		<subfield code="s">columbia_aco002364:v.19-20</subfield>
		<subfield code="s">columbia_aco002363:v.21-22</subfield>
		<subfield code="s">columbia_aco002362:v.23-24</subfield>
		<subfield code="s">columbia_aco002361:v.25</subfield>
	</datafield>
</record>
